

@BOOK{Langacker,
      author        = {Paul Langacker},
      title         = {The Standard Model and Beyond},
      publisher     = {Taylor and Francis},
      address       = {Boca Raton, FL},
      series        = {Series in High Energy Physics, Cosmology and Gravitation},
      year          = 2010,
}

@BOOK{Griffiths,
      author        = {David J Griffiths},
      title         = {Introduction to elementary particles; 2nd rev. version},
      publisher     = {Wiley},
      address       = {New York, NY},
      series        = {Physics textbook},
      year          = {2008},
}

@BOOK{Blundell,
      author        = {Lancaster, Tom and Blundell, Stephen J},
      title         = {Quantum field theory for the gifted amateur},
      publisher     = {Oxford University Press},
      address       = {Oxford},
      month         = {Apr},
      year          = 2014,
      doi           = {0199699321},
}

@book{Peskin,
      author        = "Peskin, Michael E and Schroeder, Daniel V",
      title         = "{An introduction to quantum field theory}",
      publisher     = "Westview",
      address       = "Boulder, CO",
      year          = "1995",
}

@misc{CKM,
      title={Ten Lectures on the ElectroWeak Interactions}, 
      author={Riccardo Barbieri},
      year={2007},
      eprint={0706.0684},
      archivePrefix={arXiv},
      primaryClass={hep-ph}
}

@article{electronSelfE,
    author = "Bovy, Jo",
    title = "{The Self-energy of the electron: A Quintessential problem in the development of QED}",
    eprint = "physics/0608108",
    archivePrefix = "arXiv",
    month = "8",
    year = "2006"
}

@techreport{SusyHiggsSelfE,
      author        = "Drees, Manuel",
      title         = "{An Introduction to Supersymmetry}",
      institution   = "Seoul Univ. Asia-Pacific Cent. Theor. Phys.",
      address       = "Seoul, S Korea",
      number        = "hep-ph/9611409. APCTP-96-05. KEK-TH-501",
      month         = "Nov",
      year          = "1996",
      reportNumber  = "hep-ph/9611409",
      url           = "https://cds.cern.ch/record/315597",
}

@article{littleHiggs,
   title={The Littlest Higgs},
   volume={2002},
   ISSN={1029-8479},
   url={http://dx.doi.org/10.1088/1126-6708/2002/07/034},
   DOI={10.1088/1126-6708/2002/07/034},
   number={07},
   journal={Journal of High Energy Physics},
   publisher={Springer Science and Business Media LLC},
   author={Arkani-Hamed, Nima and Cohen, Andrew G and Katz, Emanuel and Nelson, Ann E},
   year={2002},
   month={Jul},
   pages={034–034}
}

@misc{compositeHiggs,
      title={The Dynamical Composite Higgs}, 
      author={Gero von Gersdorff and Eduardo Ponton and Rogerio Rosenfeld},
      year={2015},
      eprint={1502.07340},
      archivePrefix={arXiv},
      primaryClass={hep-ph}
}

@article{Glashow,
    author = "Glashow, S.L.",
    title = "{Partial Symmetries of Weak Interactions}",
    doi = "10.1016/0029-5582(61)90469-2",
    journal = "Nucl. Phys.",
    volume = "22",
    pages = "579--588",
    year = "1961"
}

@article{Weinberg,
    author = "Weinberg, Steven",
    title = "{A Model of Leptons}",
    doi = "10.1103/PhysRevLett.19.1264",
    journal = "Phys. Rev. Lett.",
    volume = "19",
    pages = "1264--1266",
    year = "1967"
}

@article{Salam,
    author = "Salam, Abdus",
    title = "{Weak and Electromagnetic Interactions}",
    doi = "10.1142/9789812795915_0034",
    journal = "Conf. Proc. C",
    volume = "680519",
    pages = "367--377",
    year = "1968"
}

@article{Kaplan,
    author = "Dugan, Michael J. and Georgi, Howard and Kaplan, David B.",
    title = "{Anatomy of a Composite Higgs Model}",
    reportNumber = "HUTP-84/A073",
    doi = "10.1016/0550-3213(85)90221-4",
    journal = "Nucl. Phys. B",
    volume = "254",
    pages = "299--326",
    year = "1985"
}

@article{VLQHandbook,
   title={Handbook of vectorlike quarks: Mixing and single production},
   volume={88},
   ISSN={1550-2368},
   url={http://dx.doi.org/10.1103/PhysRevD.88.094010},
   DOI={10.1103/physrevd.88.094010},
   number={9},
   journal={Physical Review D},
   publisher={American Physical Society (APS)},
   author={Aguilar-Saavedra, J. A. and Benbrik, R. and Heinemeyer, S. and Pérez-Victoria, M.},
   year={2013},
   month={Nov}
}

@article{VLQmultiplets,
    author = "Panizzi, L.",
    title = "{Vector-like quarks: $t^{\prime}$ and partners}",
    doi = "10.1393/ncc/i2014-11738-x",
    journal = "Nuovo Cim. C",
    volume = "037",
    number = "02",
    pages = "69--79",
    year = "2014"
}

@article{TopPartner,
   title={A fermionic top partner: naturalness and the LHC},
   volume={2012},
   ISSN={1029-8479},
   url={http://dx.doi.org/10.1007/JHEP07(2012)016},
   DOI={10.1007/jhep07(2012)016},
   number={7},
   journal={Journal of High Energy Physics},
   publisher={Springer Science and Business Media LLC},
   author={Berger, Joshua and Hubisz, Jay and Perelstein, Maxim},
   year={2012},
   month={Jul}
}

@article{OilDrop,
  title = {On the Elementary Electrical Charge and the Avogadro Constant},
  author = {Millikan., R. A.},
  journal = {Phys. Rev.},
  volume = {2},
  issue = {2},
  pages = {109--143},
  numpages = {0},
  year = {1913},
  month = {Aug},
  publisher = {American Physical Society},
  doi = {10.1103/PhysRev.2.109},
  url = {https://link.aps.org/doi/10.1103/PhysRev.2.109}
}

@article{WBoson,
    author = "Arnison, G. and others",
    collaboration = "UA1",
    title = "{Experimental Observation of Isolated Large Transverse Energy Electrons with Associated Missing Energy at s**(1/2) = 540-GeV}",
    reportNumber = "CERN-EP-83-13",
    doi = "10.1016/0370-2693(83)91177-2",
    journal = "Phys. Lett. B",
    volume = "122",
    pages = "103--116",
    year = "1983"
}

@article{ZBoson,
    author = "Arnison, G. and others",
    collaboration = "UA1",
    title = "{Experimental Observation of Lepton Pairs of Invariant Mass Around 95-GeV/c**2 at the CERN SPS Collider}",
    reportNumber = "CERN-EP-83-73",
    doi = "10.1016/0370-2693(83)90188-0",
    journal = "Phys. Lett. B",
    volume = "126",
    pages = "398--410",
    year = "1983"
}

@article{HiggsBosonCMS,
   title={Observation of a new boson at a mass of 125 GeV with the CMS experiment at the LHC},
   volume={716},
   ISSN={0370-2693},
   url={http://dx.doi.org/10.1016/j.physletb.2012.08.021},
   DOI={10.1016/j.physletb.2012.08.021},
   number={1},
   journal={Physics Letters B},
   publisher={Elsevier BV},
   author={Chatrchyan, S. and Khachatryan, V. and Sirunyan, A.M. and Tumasyan, A. and Adam, W. and Aguilo, E. and Bergauer, T. and Dragicevic, M. and Erö, J. and Fabjan, C. and et al.},
   year={2012},
   month={Sep},
   pages={30–61}
}

@article{HiggsBosonATLAS,
   title={Observation of a new particle in the search for the Standard Model Higgs boson with the ATLAS detector at the LHC},
   volume={716},
   ISSN={0370-2693},
   url={http://dx.doi.org/10.1016/j.physletb.2012.08.020},
   DOI={10.1016/j.physletb.2012.08.020},
   number={1},
   journal={Physics Letters B},
   publisher={Elsevier BV},
   author={Aad, G. and Abajyan, T. and Abbott, B. and Abdallah, J. and Abdel Khalek, S. and Abdelalim, A.A. and Abdinov, O. and Aben, R. and Abi, B. and Abolins, M. and et al.},
   year={2012},
   month={Sep},
   pages={1–29}
}

@article{PDGreview,
    author = "Zyla, P.A. and others",
    collaboration = "Particle Data Group",
    title = "{Review of Particle Physics}",
    doi = "10.1093/ptep/ptaa104",
    journal = "PTEP",
    volume = "2020",
    number = "8",
    pages = "083C01",
    year = "2020"
}

@article{NeutrinoOscSNO,
    author = "Ahmad, Q.R. and others",
    collaboration = "SNO",
    title = "{Measurement of the rate of $\nu_e+d \to p+p+e^-$ interactions produced by $^8$B solar neutrinos at the Sudbury Neutrino Observatory}",
    eprint = "nucl-ex/0106015",
    archivePrefix = "arXiv",
    reportNumber = "UPR-0240E",
    doi = "10.1103/PhysRevLett.87.071301",
    journal = "Phys. Rev. Lett.",
    volume = "87",
    pages = "071301",
    year = "2001"
}

@article{NeutrinoOscSupK,
   title={Evidence for Oscillation of Atmospheric Neutrinos},
   volume={81},
   ISSN={1079-7114},
   url={http://dx.doi.org/10.1103/PhysRevLett.81.1562},
   DOI={10.1103/physrevlett.81.1562},
   number={8},
   journal={Physical Review Letters},
   publisher={American Physical Society (APS)},
   author={Fukuda, Y. and Hayakawa, T. and Ichihara, E. and Inoue, K. and Ishihara, K. and Ishino, H. and Itow, Y. and Kajita, T. and Kameda, J. and Kasuga, S. and et al.},
   year={1998},
   month={Aug},
   pages={1562–1567}
}

@misc{ellisHiggs,
    title={Higgs Physics}, 
    author={John Ellis},
    year={2013},
    eprint={1312.5672},
    archivePrefix={arXiv},
    primaryClass={hep-ph}
}

@book{GroupTheoryBook,
    author        = "Jeevanjee, Nadir",
    title         = "{An introduction to tensors and group theory for physicists; 1st ed.}",
    publisher     = "Birkhäuser",
    address       = "New York, NY",
    year          = "2011",
    url           = "https://cds.cern.ch/record/1494077",
    doi           = "10.1007/978-0-8176-4715-5",
}

@article{BroutEnglert,
   title = {Broken Symmetry and the Mass of Gauge Vector Mesons},
   author = {Englert, F. and Brout, R.},
   journal = {Phys. Rev. Lett.},
   volume = {13},
   issue = {9},
   pages = {321--323},
   numpages = {0},
   year = {1964},
   month = {Aug},
   publisher = {American Physical Society},
   doi = {10.1103/PhysRevLett.13.321},
   url = {https://link.aps.org/doi/10.1103/PhysRevLett.13.321}
}

@article{Higgs,
   title = {Broken Symmetries and the Masses of Gauge Bosons},
   author = {Higgs, Peter W.},
   journal = {Phys. Rev. Lett.},
   volume = {13},
   issue = {16},
   pages = {508--509},
   numpages = {0},
   year = {1964},
   month = {Oct},
   publisher = {American Physical Society},
   doi = {10.1103/PhysRevLett.13.508},
   url = {https://link.aps.org/doi/10.1103/PhysRevLett.13.508}
}

@article{BulletCluster,
   title={Weak‐Lensing Mass Reconstruction of the Interacting Cluster 1E 0657-558: Direct Evidence for the Existence of Dark Matter},
   volume={604},
   ISSN={1538-4357},
   url={http://dx.doi.org/10.1086/381970},
   DOI={10.1086/381970},
   number={2},
   journal={The Astrophysical Journal},
   publisher={American Astronomical Society},
   author={Clowe, Douglas and Gonzalez, Anthony and Markevitch, Maxim},
   year={2004},
   month={Apr},
   pages={596–603}
}

@article{GalaxyArm,
   title={The extended rotation curve and the dark matter halo of M33},
   volume={311},
   ISSN={1365-2966},
   url={http://dx.doi.org/10.1046/j.1365-8711.2000.03075.x},
   DOI={10.1046/j.1365-8711.2000.03075.x},
   number={2},
   journal={Monthly Notices of the Royal Astronomical Society},
   publisher={Oxford University Press (OUP)},
   author={Corbelli, E. and Salucci, P.},
   year={2000},
   month={Jan},
   pages={441–447}
}

@article{mattAsymmetry,
   title={Matter and antimatter in the universe},
   volume={14},
   ISSN={1367-2630},
   url={http://dx.doi.org/10.1088/1367-2630/14/9/095012},
   DOI={10.1088/1367-2630/14/9/095012},
   number={9},
   journal={New Journal of Physics},
   publisher={IOP Publishing},
   author={Canetti, Laurent and Drewes, Marco and Shaposhnikov, Mikhail},
   year={2012},
   month={Sep},
   pages={095012}
}
